%YAML 1.1
%TAG !u! tag:unity3d.com,2011:
--- !u!1 &467960915
GameObject:
  m_ObjectHideFlags: 0
  m_CorrespondingSourceObject: {fileID: 0}
  m_PrefabInstance: {fileID: 0}
  m_PrefabAsset: {fileID: 0}
  serializedVersion: 6
  m_Component:
  - component: {fileID: 467960916}
  - component: {fileID: 467960919}
  - component: {fileID: 467960918}
  - component: {fileID: 467960917}
  m_Layer: 0
  m_Name: ButtonOptions
  m_TagString: Untagged
  m_Icon: {fileID: 0}
  m_NavMeshLayer: 0
  m_StaticEditorFlags: 0
  m_IsActive: 1
--- !u!224 &467960916
RectTransform:
  m_ObjectHideFlags: 0
  m_CorrespondingSourceObject: {fileID: 0}
  m_PrefabInstance: {fileID: 0}
  m_PrefabAsset: {fileID: 0}
  m_GameObject: {fileID: 467960915}
  m_LocalRotation: {x: 0, y: 0, z: 0, w: 1}
  m_LocalPosition: {x: 0, y: 0, z: 0}
  m_LocalScale: {x: 1, y: 1, z: 1}
  m_Children:
  - {fileID: 2136032508}
  m_Father: {fileID: 5960585049272281307}
  m_RootOrder: 3
  m_LocalEulerAnglesHint: {x: 0, y: 0, z: 0}
  m_AnchorMin: {x: 0.5, y: 0.5}
  m_AnchorMax: {x: 0.5, y: 0.5}
  m_AnchoredPosition: {x: 504, y: 400}
  m_SizeDelta: {x: 160, y: 30}
  m_Pivot: {x: 0.5, y: 0.5}
--- !u!222 &467960919
CanvasRenderer:
  m_ObjectHideFlags: 0
  m_CorrespondingSourceObject: {fileID: 0}
  m_PrefabInstance: {fileID: 0}
  m_PrefabAsset: {fileID: 0}
  m_GameObject: {fileID: 467960915}
  m_CullTransparentMesh: 1
--- !u!114 &467960918
MonoBehaviour:
  m_ObjectHideFlags: 0
  m_CorrespondingSourceObject: {fileID: 0}
  m_PrefabInstance: {fileID: 0}
  m_PrefabAsset: {fileID: 0}
  m_GameObject: {fileID: 467960915}
  m_Enabled: 1
  m_EditorHideFlags: 0
  m_Script: {fileID: 11500000, guid: fe87c0e1cc204ed48ad3b37840f39efc, type: 3}
  m_Name: 
  m_EditorClassIdentifier: 
  m_Material: {fileID: 0}
  m_Color: {r: 1, g: 1, b: 1, a: 1}
  m_RaycastTarget: 1
  m_Maskable: 1
  m_OnCullStateChanged:
    m_PersistentCalls:
      m_Calls: []
  m_Sprite: {fileID: 10905, guid: 0000000000000000f000000000000000, type: 0}
  m_Type: 1
  m_PreserveAspect: 0
  m_FillCenter: 1
  m_FillMethod: 4
  m_FillAmount: 1
  m_FillClockwise: 1
  m_FillOrigin: 0
  m_UseSpriteMesh: 0
  m_PixelsPerUnitMultiplier: 1
--- !u!114 &467960917
MonoBehaviour:
  m_ObjectHideFlags: 0
  m_CorrespondingSourceObject: {fileID: 0}
  m_PrefabInstance: {fileID: 0}
  m_PrefabAsset: {fileID: 0}
  m_GameObject: {fileID: 467960915}
  m_Enabled: 1
  m_EditorHideFlags: 0
  m_Script: {fileID: 11500000, guid: 4e29b1a8efbd4b44bb3f3716e73f07ff, type: 3}
  m_Name: 
  m_EditorClassIdentifier: 
  m_Navigation:
    m_Mode: 3
    m_SelectOnUp: {fileID: 0}
    m_SelectOnDown: {fileID: 0}
    m_SelectOnLeft: {fileID: 0}
    m_SelectOnRight: {fileID: 0}
  m_Transition: 1
  m_Colors:
    m_NormalColor: {r: 1, g: 1, b: 1, a: 1}
    m_HighlightedColor: {r: 0.9607843, g: 0.9607843, b: 0.9607843, a: 1}
    m_PressedColor: {r: 0.78431374, g: 0.78431374, b: 0.78431374, a: 1}
    m_SelectedColor: {r: 0.9607843, g: 0.9607843, b: 0.9607843, a: 1}
    m_DisabledColor: {r: 0.78431374, g: 0.78431374, b: 0.78431374, a: 0.5019608}
    m_ColorMultiplier: 1
    m_FadeDuration: 0.1
  m_SpriteState:
    m_HighlightedSprite: {fileID: 0}
    m_PressedSprite: {fileID: 0}
    m_SelectedSprite: {fileID: 0}
    m_DisabledSprite: {fileID: 0}
  m_AnimationTriggers:
    m_NormalTrigger: Normal
    m_HighlightedTrigger: Highlighted
    m_PressedTrigger: Pressed
    m_SelectedTrigger: Selected
    m_DisabledTrigger: Disabled
  m_Interactable: 1
  m_TargetGraphic: {fileID: 467960918}
  m_OnClick:
    m_PersistentCalls:
      m_Calls:
      - m_Target: {fileID: 0}
        m_MethodName: MostrarOpciones
        m_Mode: 1
        m_Arguments:
          m_ObjectArgument: {fileID: 0}
          m_ObjectArgumentAssemblyTypeName: UnityEngine.Object, UnityEngine
          m_IntArgument: 0
          m_FloatArgument: 0
          m_StringArgument: 
          m_BoolArgument: 0
        m_CallState: 2
--- !u!1 &2136032507
GameObject:
  m_ObjectHideFlags: 0
  m_CorrespondingSourceObject: {fileID: 0}
  m_PrefabInstance: {fileID: 0}
  m_PrefabAsset: {fileID: 0}
  serializedVersion: 6
  m_Component:
  - component: {fileID: 2136032508}
  - component: {fileID: 2136032510}
  - component: {fileID: 2136032509}
  m_Layer: 0
  m_Name: Text (TMP)
  m_TagString: Untagged
  m_Icon: {fileID: 0}
  m_NavMeshLayer: 0
  m_StaticEditorFlags: 0
  m_IsActive: 1
--- !u!224 &2136032508
RectTransform:
  m_ObjectHideFlags: 0
  m_CorrespondingSourceObject: {fileID: 0}
  m_PrefabInstance: {fileID: 0}
  m_PrefabAsset: {fileID: 0}
  m_GameObject: {fileID: 2136032507}
  m_LocalRotation: {x: 0, y: 0, z: 0, w: 1}
  m_LocalPosition: {x: 0, y: 0, z: 0}
  m_LocalScale: {x: 1, y: 1, z: 1}
  m_Children: []
  m_Father: {fileID: 467960916}
  m_RootOrder: 0
  m_LocalEulerAnglesHint: {x: 0, y: 0, z: 0}
  m_AnchorMin: {x: 0, y: 0}
  m_AnchorMax: {x: 1, y: 1}
  m_AnchoredPosition: {x: 0, y: 0}
  m_SizeDelta: {x: 0, y: 0}
  m_Pivot: {x: 0.5, y: 0.5}
--- !u!222 &2136032510
CanvasRenderer:
  m_ObjectHideFlags: 0
  m_CorrespondingSourceObject: {fileID: 0}
  m_PrefabInstance: {fileID: 0}
  m_PrefabAsset: {fileID: 0}
  m_GameObject: {fileID: 2136032507}
  m_CullTransparentMesh: 0
--- !u!114 &2136032509
MonoBehaviour:
  m_ObjectHideFlags: 0
  m_CorrespondingSourceObject: {fileID: 0}
  m_PrefabInstance: {fileID: 0}
  m_PrefabAsset: {fileID: 0}
  m_GameObject: {fileID: 2136032507}
  m_Enabled: 1
  m_EditorHideFlags: 0
  m_Script: {fileID: 11500000, guid: f4688fdb7df04437aeb418b961361dc5, type: 3}
  m_Name: 
  m_EditorClassIdentifier: 
  m_Material: {fileID: 0}
  m_Color: {r: 1, g: 1, b: 1, a: 1}
  m_RaycastTarget: 1
  m_Maskable: 1
  m_OnCullStateChanged:
    m_PersistentCalls:
      m_Calls: []
  m_text: OPTIONS
  m_isRightToLeft: 0
  m_fontAsset: {fileID: 11400000, guid: 2e498d1c8094910479dc3e1b768306a4, type: 2}
  m_sharedMaterial: {fileID: 2180264, guid: 2e498d1c8094910479dc3e1b768306a4, type: 2}
  m_fontSharedMaterials: []
  m_fontMaterial: {fileID: 0}
  m_fontMaterials: []
  m_fontColor32:
    serializedVersion: 2
    rgba: 4281479730
  m_fontColor: {r: 0.19607843, g: 0.19607843, b: 0.19607843, a: 1}
  m_enableVertexGradient: 0
  m_colorMode: 3
  m_fontColorGradient:
    topLeft: {r: 1, g: 1, b: 1, a: 1}
    topRight: {r: 1, g: 1, b: 1, a: 1}
    bottomLeft: {r: 1, g: 1, b: 1, a: 1}
    bottomRight: {r: 1, g: 1, b: 1, a: 1}
  m_fontColorGradientPreset: {fileID: 0}
  m_spriteAsset: {fileID: 0}
  m_tintAllSprites: 0
  m_StyleSheet: {fileID: 0}
  m_TextStyleHashCode: -1183493901
  m_overrideHtmlColors: 0
  m_faceColor:
    serializedVersion: 2
    rgba: 4294967295
  m_fontSize: 24
  m_fontSizeBase: 24
  m_fontWeight: 400
  m_enableAutoSizing: 0
  m_fontSizeMin: 18
  m_fontSizeMax: 72
  m_fontStyle: 0
  m_HorizontalAlignment: 2
  m_VerticalAlignment: 512
  m_textAlignment: 65535
  m_characterSpacing: 0
  m_wordSpacing: 0
  m_lineSpacing: 0
  m_lineSpacingMax: 0
  m_paragraphSpacing: 0
  m_charWidthMaxAdj: 0
  m_enableWordWrapping: 1
  m_wordWrappingRatios: 0.4
  m_overflowMode: 0
  m_linkedTextComponent: {fileID: 0}
  parentLinkedComponent: {fileID: 0}
  m_enableKerning: 1
  m_enableExtraPadding: 0
  checkPaddingRequired: 0
  m_isRichText: 1
  m_parseCtrlCharacters: 1
  m_isOrthographic: 1
  m_isCullingEnabled: 0
  m_horizontalMapping: 0
  m_verticalMapping: 0
  m_uvLineOffset: 0
  m_geometrySortingOrder: 0
  m_IsTextObjectScaleStatic: 0
  m_VertexBufferAutoSizeReduction: 1
  m_useMaxVisibleDescender: 1
  m_pageToDisplay: 1
  m_margin: {x: 0, y: 0, z: 0, w: 0}
  m_isUsingLegacyAnimationComponent: 0
  m_isVolumetricText: 0
  m_hasFontAssetChanged: 0
  m_baseMaterial: {fileID: 0}
  m_maskOffset: {x: 0, y: 0, z: 0, w: 0}
--- !u!114 &800162904
MonoBehaviour:
  m_ObjectHideFlags: 0
  m_CorrespondingSourceObject: {fileID: 0}
  m_PrefabInstance: {fileID: 0}
  m_PrefabAsset: {fileID: 0}
  m_GameObject: {fileID: 2825569346823108946}
  m_Enabled: 1
  m_EditorHideFlags: 0
  m_Script: {fileID: 11500000, guid: 7e8d48279449e4143bfbc3fadd980879, type: 3}
  m_Name: 
  m_EditorClassIdentifier: 
  escapedMenu: {fileID: 8729355387651349413}
  text: {fileID: 775143943290910351}
--- !u!1 &5960585049402324116
GameObject:
  m_ObjectHideFlags: 0
  m_CorrespondingSourceObject: {fileID: 0}
  m_PrefabInstance: {fileID: 0}
  m_PrefabAsset: {fileID: 0}
  serializedVersion: 6
  m_Component:
  - component: {fileID: 5960585049402324123}
  m_Layer: 0
  m_Name: Spawn10
  m_TagString: Untagged
  m_Icon: {fileID: 0}
  m_NavMeshLayer: 0
  m_StaticEditorFlags: 0
  m_IsActive: 1
--- !u!4 &5960585049402324123
Transform:
  m_ObjectHideFlags: 0
  m_CorrespondingSourceObject: {fileID: 0}
  m_PrefabInstance: {fileID: 0}
  m_PrefabAsset: {fileID: 0}
  m_GameObject: {fileID: 5960585049402324116}
  m_LocalRotation: {x: 0, y: 0, z: 0, w: 1}
  m_LocalPosition: {x: -25, y: 6.4, z: 3}
  m_LocalScale: {x: 1, y: 1, z: 1}
  m_Children: []
  m_Father: {fileID: 7486433495843574357}
  m_RootOrder: 9
  m_LocalEulerAnglesHint: {x: 0, y: 0, z: 0}
--- !u!1 &5960585049448051887
GameObject:
  m_ObjectHideFlags: 0
  m_CorrespondingSourceObject: {fileID: 0}
  m_PrefabInstance: {fileID: 0}
  m_PrefabAsset: {fileID: 0}
  serializedVersion: 6
  m_Component:
  - component: {fileID: 5960585049448051886}
  m_Layer: 0
  m_Name: Spawn7
  m_TagString: Untagged
  m_Icon: {fileID: 0}
  m_NavMeshLayer: 0
  m_StaticEditorFlags: 0
  m_IsActive: 1
--- !u!4 &5960585049448051886
Transform:
  m_ObjectHideFlags: 0
  m_CorrespondingSourceObject: {fileID: 0}
  m_PrefabInstance: {fileID: 0}
  m_PrefabAsset: {fileID: 0}
  m_GameObject: {fileID: 5960585049448051887}
  m_LocalRotation: {x: 0, y: 0, z: 0, w: 1}
  m_LocalPosition: {x: -15.7, y: 6.9, z: 3}
  m_LocalScale: {x: 1, y: 1, z: 1}
  m_Children: []
  m_Father: {fileID: 7486433495843574357}
  m_RootOrder: 6
  m_LocalEulerAnglesHint: {x: 0, y: 0, z: 0}
--- !u!1 &5960585050389354394
GameObject:
  m_ObjectHideFlags: 0
  m_CorrespondingSourceObject: {fileID: 0}
  m_PrefabInstance: {fileID: 0}
  m_PrefabAsset: {fileID: 0}
  serializedVersion: 6
  m_Component:
  - component: {fileID: 5960585050389354393}
  m_Layer: 0
  m_Name: Spawn6
  m_TagString: Untagged
  m_Icon: {fileID: 0}
  m_NavMeshLayer: 0
  m_StaticEditorFlags: 0
  m_IsActive: 1
--- !u!4 &5960585050389354393
Transform:
  m_ObjectHideFlags: 0
  m_CorrespondingSourceObject: {fileID: 0}
  m_PrefabInstance: {fileID: 0}
  m_PrefabAsset: {fileID: 0}
  m_GameObject: {fileID: 5960585050389354394}
  m_LocalRotation: {x: 0, y: 0, z: 0, w: 1}
  m_LocalPosition: {x: -12, y: 6.2, z: 3}
  m_LocalScale: {x: 1, y: 1, z: 1}
  m_Children: []
  m_Father: {fileID: 7486433495843574357}
  m_RootOrder: 5
  m_LocalEulerAnglesHint: {x: 0, y: 0, z: 0}
--- !u!1 &5960585050607107154
GameObject:
  m_ObjectHideFlags: 0
  m_CorrespondingSourceObject: {fileID: 0}
  m_PrefabInstance: {fileID: 0}
  m_PrefabAsset: {fileID: 0}
  serializedVersion: 6
  m_Component:
  - component: {fileID: 5960585050607107153}
  m_Layer: 0
  m_Name: Spawn8
  m_TagString: Untagged
  m_Icon: {fileID: 0}
  m_NavMeshLayer: 0
  m_StaticEditorFlags: 0
  m_IsActive: 1
--- !u!4 &5960585050607107153
Transform:
  m_ObjectHideFlags: 0
  m_CorrespondingSourceObject: {fileID: 0}
  m_PrefabInstance: {fileID: 0}
  m_PrefabAsset: {fileID: 0}
  m_GameObject: {fileID: 5960585050607107154}
  m_LocalRotation: {x: 0, y: 0, z: 0, w: 1}
  m_LocalPosition: {x: -18.5, y: 6.2, z: 3}
  m_LocalScale: {x: 1, y: 1, z: 1}
  m_Children: []
  m_Father: {fileID: 7486433495843574357}
  m_RootOrder: 7
  m_LocalEulerAnglesHint: {x: 0, y: 0, z: 0}
--- !u!1 &5960585050958159182
GameObject:
  m_ObjectHideFlags: 0
  m_CorrespondingSourceObject: {fileID: 0}
  m_PrefabInstance: {fileID: 0}
  m_PrefabAsset: {fileID: 0}
  serializedVersion: 6
  m_Component:
  - component: {fileID: 5960585050958159187}
  - component: {fileID: 5960585050958159180}
  - component: {fileID: 5960585050958159181}
  m_Layer: 0
  m_Name: RoomManager
  m_TagString: Untagged
  m_Icon: {fileID: 0}
  m_NavMeshLayer: 0
  m_StaticEditorFlags: 0
  m_IsActive: 1
--- !u!4 &5960585050958159187
Transform:
  m_ObjectHideFlags: 0
  m_CorrespondingSourceObject: {fileID: 0}
  m_PrefabInstance: {fileID: 0}
  m_PrefabAsset: {fileID: 0}
  m_GameObject: {fileID: 5960585050958159182}
  m_LocalRotation: {x: 0, y: 0, z: 0, w: 1}
  m_LocalPosition: {x: 0, y: 0, z: 0}
  m_LocalScale: {x: 1, y: 1, z: 1}
  m_Children:
  - {fileID: 5960585050470845736}
  - {fileID: 5960585050876171630}
  - {fileID: 7486433495843574357}
  m_Father: {fileID: 0}
  m_RootOrder: 0
  m_LocalEulerAnglesHint: {x: 0, y: 0, z: 0}
--- !u!114 &5960585050958159180
MonoBehaviour:
  m_ObjectHideFlags: 0
  m_CorrespondingSourceObject: {fileID: 0}
  m_PrefabInstance: {fileID: 0}
  m_PrefabAsset: {fileID: 0}
  m_GameObject: {fileID: 5960585050958159182}
  m_Enabled: 1
  m_EditorHideFlags: 0
  m_Script: {fileID: 11500000, guid: 7e694493678599f47ab43435c154e95a, type: 3}
  m_Name: 
  m_EditorClassIdentifier: 
  spawnpoints:
  - {fileID: 5960585050735709448}
  - {fileID: 5960585049844787285}
  - {fileID: 5960585050863925510}
  - {fileID: 5960585049561888425}
  - {fileID: 5960585050301359307}
  propSpawns:
  - {fileID: 7486433496645046901}
  - {fileID: 7486433497633437480}
  - {fileID: 7486433496521074299}
  - {fileID: 7486433497887140308}
  - {fileID: 7486433495941741494}
  - {fileID: 5960585050389354393}
  - {fileID: 5960585049448051886}
  - {fileID: 5960585050607107153}
  - {fileID: 5960585050968025284}
  - {fileID: 5960585049402324123}
  propPrefabs:
  - Gate T1
  - Gate T2
  - Props Altar
  - Props Barrel
  - Props Brick T1
  - Props Brick T2
  - Props Brick T3
  - Props Chest
  - Props Crate
  - Props Crate small
  nextPlayersTeam: 1
  HiderDeaths: 0
  HunterDeaths: 0
  HiderScaped: 0
  pingText: {fileID: 5960585050936219128}
  EscapeMenu: {fileID: 5960585049272281300}
  PlayerPopUp: {fileID: 7233805885176309983, guid: a140966df71de9b4594bd9516ba39a9b,
    type: 3}
  PopUpPanel: {fileID: 5960585049777757391}
  huntersWinScreen: {fileID: 6574540409590747971}
  hidersWinScreen: {fileID: 6574540409375670726}
  EndGameCanvas: {fileID: 6574540409888782194}
  sceneActual: 0
  EscapeAvailable: 0
  matchLength: 180
  timerCanvas: {fileID: 6574540409255814356}
--- !u!114 &5960585050958159181
MonoBehaviour:
  m_ObjectHideFlags: 0
  m_CorrespondingSourceObject: {fileID: 0}
  m_PrefabInstance: {fileID: 0}
  m_PrefabAsset: {fileID: 0}
  m_GameObject: {fileID: 5960585050958159182}
  m_Enabled: 1
  m_EditorHideFlags: 0
  m_Script: {fileID: 11500000, guid: aa584fbee541324448dd18d8409c7a41, type: 3}
  m_Name: 
  m_EditorClassIdentifier: 
  ObservedComponentsFoldoutOpen: 1
  Group: 0
  prefixField: -1
  observableSearch: 2
  Synchronization: 3
  OwnershipTransfer: 0
  ObservedComponents: []
  viewIdField: 0
  InstantiationId: 0
  isRuntimeInstantiated: 0
--- !u!1 &5960585050968025285
GameObject:
  m_ObjectHideFlags: 0
  m_CorrespondingSourceObject: {fileID: 0}
  m_PrefabInstance: {fileID: 0}
  m_PrefabAsset: {fileID: 0}
  serializedVersion: 6
  m_Component:
  - component: {fileID: 5960585050968025284}
  m_Layer: 0
  m_Name: Spawn9
  m_TagString: Untagged
  m_Icon: {fileID: 0}
  m_NavMeshLayer: 0
  m_StaticEditorFlags: 0
  m_IsActive: 1
--- !u!4 &5960585050968025284
Transform:
  m_ObjectHideFlags: 0
  m_CorrespondingSourceObject: {fileID: 0}
  m_PrefabInstance: {fileID: 0}
  m_PrefabAsset: {fileID: 0}
  m_GameObject: {fileID: 5960585050968025285}
  m_LocalRotation: {x: 0, y: 0, z: 0, w: 1}
  m_LocalPosition: {x: -21.1, y: 6.5, z: 3}
  m_LocalScale: {x: 1, y: 1, z: 1}
  m_Children: []
  m_Father: {fileID: 7486433495843574357}
  m_RootOrder: 8
  m_LocalEulerAnglesHint: {x: 0, y: 0, z: 0}
--- !u!1001 &5960585049655081568
PrefabInstance:
  m_ObjectHideFlags: 0
  serializedVersion: 2
  m_Modification:
    m_TransformParent: {fileID: 5960585050958159187}
    m_Modifications:
    - target: {fileID: 3845343026809969690, guid: 920a95fa6251b9446ad517a0dd969279,
        type: 3}
      propertyPath: m_Name
      value: Spawn3
      objectReference: {fileID: 0}
    - target: {fileID: 3845343026809969691, guid: 920a95fa6251b9446ad517a0dd969279,
        type: 3}
      propertyPath: m_LocalPosition.x
      value: 2.9
      objectReference: {fileID: 0}
    - target: {fileID: 3845343026809969691, guid: 920a95fa6251b9446ad517a0dd969279,
        type: 3}
      propertyPath: m_LocalPosition.y
      value: 6.6
      objectReference: {fileID: 0}
    - target: {fileID: 3845343026809969691, guid: 920a95fa6251b9446ad517a0dd969279,
        type: 3}
      propertyPath: m_LocalPosition.z
      value: 3
      objectReference: {fileID: 0}
    - target: {fileID: 3845343027206613012, guid: 920a95fa6251b9446ad517a0dd969279,
        type: 3}
      propertyPath: m_Name
      value: Spawn1
      objectReference: {fileID: 0}
    - target: {fileID: 3845343027206613013, guid: 920a95fa6251b9446ad517a0dd969279,
        type: 3}
      propertyPath: m_LocalPosition.x
      value: 7.18
      objectReference: {fileID: 0}
    - target: {fileID: 3845343027206613013, guid: 920a95fa6251b9446ad517a0dd969279,
        type: 3}
      propertyPath: m_LocalPosition.y
      value: 14.29
      objectReference: {fileID: 0}
    - target: {fileID: 3845343027206613013, guid: 920a95fa6251b9446ad517a0dd969279,
        type: 3}
      propertyPath: m_LocalPosition.z
      value: 3
      objectReference: {fileID: 0}
    - target: {fileID: 3845343027371475414, guid: 920a95fa6251b9446ad517a0dd969279,
        type: 3}
      propertyPath: m_LocalPosition.x
      value: -7.2
      objectReference: {fileID: 0}
    - target: {fileID: 3845343027371475414, guid: 920a95fa6251b9446ad517a0dd969279,
        type: 3}
      propertyPath: m_LocalPosition.y
      value: 6
      objectReference: {fileID: 0}
    - target: {fileID: 3845343027371475414, guid: 920a95fa6251b9446ad517a0dd969279,
        type: 3}
      propertyPath: m_LocalPosition.z
      value: 3
      objectReference: {fileID: 0}
    - target: {fileID: 3845343027371475417, guid: 920a95fa6251b9446ad517a0dd969279,
        type: 3}
      propertyPath: m_Name
      value: Spawn5
      objectReference: {fileID: 0}
    - target: {fileID: 3845343027478816820, guid: 920a95fa6251b9446ad517a0dd969279,
        type: 3}
      propertyPath: m_Name
      value: PropSpawn
      objectReference: {fileID: 0}
    - target: {fileID: 3845343027478816821, guid: 920a95fa6251b9446ad517a0dd969279,
        type: 3}
      propertyPath: m_RootOrder
      value: 2
      objectReference: {fileID: 0}
    - target: {fileID: 3845343027478816821, guid: 920a95fa6251b9446ad517a0dd969279,
        type: 3}
      propertyPath: m_LocalPosition.x
      value: 0
      objectReference: {fileID: 0}
    - target: {fileID: 3845343027478816821, guid: 920a95fa6251b9446ad517a0dd969279,
        type: 3}
      propertyPath: m_LocalPosition.y
      value: 0
      objectReference: {fileID: 0}
    - target: {fileID: 3845343027478816821, guid: 920a95fa6251b9446ad517a0dd969279,
        type: 3}
      propertyPath: m_LocalPosition.z
      value: 0
      objectReference: {fileID: 0}
    - target: {fileID: 3845343027478816821, guid: 920a95fa6251b9446ad517a0dd969279,
        type: 3}
      propertyPath: m_LocalRotation.w
      value: 1
      objectReference: {fileID: 0}
    - target: {fileID: 3845343027478816821, guid: 920a95fa6251b9446ad517a0dd969279,
        type: 3}
      propertyPath: m_LocalRotation.x
      value: -0
      objectReference: {fileID: 0}
    - target: {fileID: 3845343027478816821, guid: 920a95fa6251b9446ad517a0dd969279,
        type: 3}
      propertyPath: m_LocalRotation.y
      value: -0
      objectReference: {fileID: 0}
    - target: {fileID: 3845343027478816821, guid: 920a95fa6251b9446ad517a0dd969279,
        type: 3}
      propertyPath: m_LocalRotation.z
      value: -0
      objectReference: {fileID: 0}
    - target: {fileID: 3845343027478816821, guid: 920a95fa6251b9446ad517a0dd969279,
        type: 3}
      propertyPath: m_LocalEulerAnglesHint.x
      value: 0
      objectReference: {fileID: 0}
    - target: {fileID: 3845343027478816821, guid: 920a95fa6251b9446ad517a0dd969279,
        type: 3}
      propertyPath: m_LocalEulerAnglesHint.y
      value: 0
      objectReference: {fileID: 0}
    - target: {fileID: 3845343027478816821, guid: 920a95fa6251b9446ad517a0dd969279,
        type: 3}
      propertyPath: m_LocalEulerAnglesHint.z
      value: 0
      objectReference: {fileID: 0}
    - target: {fileID: 3845343027995823432, guid: 920a95fa6251b9446ad517a0dd969279,
        type: 3}
      propertyPath: m_LocalPosition.x
      value: 10.3
      objectReference: {fileID: 0}
    - target: {fileID: 3845343027995823432, guid: 920a95fa6251b9446ad517a0dd969279,
        type: 3}
      propertyPath: m_LocalPosition.y
      value: 7.2
      objectReference: {fileID: 0}
    - target: {fileID: 3845343027995823432, guid: 920a95fa6251b9446ad517a0dd969279,
        type: 3}
      propertyPath: m_LocalPosition.z
      value: 3
      objectReference: {fileID: 0}
    - target: {fileID: 3845343027995823435, guid: 920a95fa6251b9446ad517a0dd969279,
        type: 3}
      propertyPath: m_Name
      value: Spawn2
      objectReference: {fileID: 0}
    - target: {fileID: 3845343028245173172, guid: 920a95fa6251b9446ad517a0dd969279,
        type: 3}
      propertyPath: m_LocalPosition.x
      value: -1.9
      objectReference: {fileID: 0}
    - target: {fileID: 3845343028245173172, guid: 920a95fa6251b9446ad517a0dd969279,
        type: 3}
      propertyPath: m_LocalPosition.y
      value: 6.7
      objectReference: {fileID: 0}
    - target: {fileID: 3845343028245173172, guid: 920a95fa6251b9446ad517a0dd969279,
        type: 3}
      propertyPath: m_LocalPosition.z
      value: 3
      objectReference: {fileID: 0}
    - target: {fileID: 3845343028245173175, guid: 920a95fa6251b9446ad517a0dd969279,
        type: 3}
      propertyPath: m_Name
      value: Spawn4
      objectReference: {fileID: 0}
    m_RemovedComponents: []
  m_SourcePrefab: {fileID: 100100000, guid: 920a95fa6251b9446ad517a0dd969279, type: 3}
--- !u!4 &7486433495843574357 stripped
Transform:
  m_CorrespondingSourceObject: {fileID: 3845343027478816821, guid: 920a95fa6251b9446ad517a0dd969279,
    type: 3}
  m_PrefabInstance: {fileID: 5960585049655081568}
  m_PrefabAsset: {fileID: 0}
--- !u!4 &7486433496645046901 stripped
Transform:
  m_CorrespondingSourceObject: {fileID: 3845343027206613013, guid: 920a95fa6251b9446ad517a0dd969279,
    type: 3}
  m_PrefabInstance: {fileID: 5960585049655081568}
  m_PrefabAsset: {fileID: 0}
--- !u!4 &7486433497633437480 stripped
Transform:
  m_CorrespondingSourceObject: {fileID: 3845343027995823432, guid: 920a95fa6251b9446ad517a0dd969279,
    type: 3}
  m_PrefabInstance: {fileID: 5960585049655081568}
  m_PrefabAsset: {fileID: 0}
--- !u!4 &7486433496521074299 stripped
Transform:
  m_CorrespondingSourceObject: {fileID: 3845343026809969691, guid: 920a95fa6251b9446ad517a0dd969279,
    type: 3}
  m_PrefabInstance: {fileID: 5960585049655081568}
  m_PrefabAsset: {fileID: 0}
--- !u!4 &7486433497887140308 stripped
Transform:
  m_CorrespondingSourceObject: {fileID: 3845343028245173172, guid: 920a95fa6251b9446ad517a0dd969279,
    type: 3}
  m_PrefabInstance: {fileID: 5960585049655081568}
  m_PrefabAsset: {fileID: 0}
--- !u!4 &7486433495941741494 stripped
Transform:
  m_CorrespondingSourceObject: {fileID: 3845343027371475414, guid: 920a95fa6251b9446ad517a0dd969279,
    type: 3}
  m_PrefabInstance: {fileID: 5960585049655081568}
  m_PrefabAsset: {fileID: 0}
--- !u!1001 &6368992422836400633
PrefabInstance:
  m_ObjectHideFlags: 0
  serializedVersion: 2
  m_Modification:
    m_TransformParent: {fileID: 6574540409888782195}
    m_Modifications:
    - target: {fileID: 675613046229916184, guid: 3f56ed08d186c4d4493ba0f7c76113b4,
        type: 3}
      propertyPath: m_RootOrder
      value: 4
      objectReference: {fileID: 0}
    - target: {fileID: 675613046229916184, guid: 3f56ed08d186c4d4493ba0f7c76113b4,
        type: 3}
      propertyPath: m_LocalScale.x
      value: 0.82514244
      objectReference: {fileID: 0}
    - target: {fileID: 675613046229916184, guid: 3f56ed08d186c4d4493ba0f7c76113b4,
        type: 3}
      propertyPath: m_LocalScale.y
      value: 0.9209025
      objectReference: {fileID: 0}
    - target: {fileID: 675613046229916184, guid: 3f56ed08d186c4d4493ba0f7c76113b4,
        type: 3}
      propertyPath: m_LocalScale.z
      value: 0.75
      objectReference: {fileID: 0}
    - target: {fileID: 675613046229916184, guid: 3f56ed08d186c4d4493ba0f7c76113b4,
        type: 3}
      propertyPath: m_LocalPosition.x
      value: 123.30136
      objectReference: {fileID: 0}
    - target: {fileID: 675613046229916184, guid: 3f56ed08d186c4d4493ba0f7c76113b4,
        type: 3}
      propertyPath: m_LocalPosition.y
      value: 90.54172
      objectReference: {fileID: 0}
    - target: {fileID: 675613046229916184, guid: 3f56ed08d186c4d4493ba0f7c76113b4,
        type: 3}
      propertyPath: m_LocalPosition.z
      value: 621.327
      objectReference: {fileID: 0}
    - target: {fileID: 675613046229916184, guid: 3f56ed08d186c4d4493ba0f7c76113b4,
        type: 3}
      propertyPath: m_LocalRotation.w
      value: 1
      objectReference: {fileID: 0}
    - target: {fileID: 675613046229916184, guid: 3f56ed08d186c4d4493ba0f7c76113b4,
        type: 3}
      propertyPath: m_LocalRotation.x
      value: -0
      objectReference: {fileID: 0}
    - target: {fileID: 675613046229916184, guid: 3f56ed08d186c4d4493ba0f7c76113b4,
        type: 3}
      propertyPath: m_LocalRotation.y
      value: -0
      objectReference: {fileID: 0}
    - target: {fileID: 675613046229916184, guid: 3f56ed08d186c4d4493ba0f7c76113b4,
        type: 3}
      propertyPath: m_LocalRotation.z
      value: -0
      objectReference: {fileID: 0}
    - target: {fileID: 675613046229916184, guid: 3f56ed08d186c4d4493ba0f7c76113b4,
        type: 3}
      propertyPath: m_LocalEulerAnglesHint.x
      value: 0
      objectReference: {fileID: 0}
    - target: {fileID: 675613046229916184, guid: 3f56ed08d186c4d4493ba0f7c76113b4,
        type: 3}
      propertyPath: m_LocalEulerAnglesHint.y
      value: 0
      objectReference: {fileID: 0}
    - target: {fileID: 675613046229916184, guid: 3f56ed08d186c4d4493ba0f7c76113b4,
        type: 3}
      propertyPath: m_LocalEulerAnglesHint.z
      value: 0
      objectReference: {fileID: 0}
    - target: {fileID: 4304640824637041988, guid: 3f56ed08d186c4d4493ba0f7c76113b4,
        type: 3}
      propertyPath: m_Name
      value: Main Camera
      objectReference: {fileID: 0}
    - target: {fileID: 4304640824637041988, guid: 3f56ed08d186c4d4493ba0f7c76113b4,
        type: 3}
      propertyPath: m_IsActive
      value: 0
      objectReference: {fileID: 0}
    m_RemovedComponents: []
  m_SourcePrefab: {fileID: 100100000, guid: 3f56ed08d186c4d4493ba0f7c76113b4, type: 3}
--- !u!1001 &6574540410342877860
PrefabInstance:
  m_ObjectHideFlags: 0
  serializedVersion: 2
  m_Modification:
    m_TransformParent: {fileID: 5960585050958159187}
    m_Modifications:
    - target: {fileID: 1095398049, guid: df5120ce679b88841927ff29a54964ff, type: 3}
      propertyPath: m_OnClick.m_PersistentCalls.m_Calls.Array.data[0].m_Target
      value: 
      objectReference: {fileID: 5960585050958159180}
    - target: {fileID: 1519421655, guid: df5120ce679b88841927ff29a54964ff, type: 3}
      propertyPath: m_Pivot.y
      value: 1
      objectReference: {fileID: 0}
    - target: {fileID: 1519421655, guid: df5120ce679b88841927ff29a54964ff, type: 3}
      propertyPath: m_AnchorMax.y
      value: 1
      objectReference: {fileID: 0}
    - target: {fileID: 1519421655, guid: df5120ce679b88841927ff29a54964ff, type: 3}
      propertyPath: m_AnchorMin.y
      value: 1
      objectReference: {fileID: 0}
    - target: {fileID: 1519421655, guid: df5120ce679b88841927ff29a54964ff, type: 3}
      propertyPath: m_AnchoredPosition.x
      value: 0
      objectReference: {fileID: 0}
    - target: {fileID: 1519421655, guid: df5120ce679b88841927ff29a54964ff, type: 3}
      propertyPath: m_AnchoredPosition.y
      value: 0
      objectReference: {fileID: 0}
    - target: {fileID: 512302063810306824, guid: df5120ce679b88841927ff29a54964ff,
        type: 3}
      propertyPath: m_Name
      value: PokemonReference
      objectReference: {fileID: 0}
    - target: {fileID: 686012992160694218, guid: df5120ce679b88841927ff29a54964ff,
        type: 3}
      propertyPath: m_Pivot.x
      value: 0
      objectReference: {fileID: 0}
    - target: {fileID: 686012992160694218, guid: df5120ce679b88841927ff29a54964ff,
        type: 3}
      propertyPath: m_Pivot.y
      value: 0
      objectReference: {fileID: 0}
    - target: {fileID: 686012992160694218, guid: df5120ce679b88841927ff29a54964ff,
        type: 3}
      propertyPath: m_RootOrder
      value: 1
      objectReference: {fileID: 0}
    - target: {fileID: 686012992160694218, guid: df5120ce679b88841927ff29a54964ff,
        type: 3}
      propertyPath: m_AnchorMax.x
      value: 0
      objectReference: {fileID: 0}
    - target: {fileID: 686012992160694218, guid: df5120ce679b88841927ff29a54964ff,
        type: 3}
      propertyPath: m_AnchorMax.y
      value: 0
      objectReference: {fileID: 0}
    - target: {fileID: 686012992160694218, guid: df5120ce679b88841927ff29a54964ff,
        type: 3}
      propertyPath: m_AnchorMin.x
      value: 0
      objectReference: {fileID: 0}
    - target: {fileID: 686012992160694218, guid: df5120ce679b88841927ff29a54964ff,
        type: 3}
      propertyPath: m_AnchorMin.y
      value: 0
      objectReference: {fileID: 0}
    - target: {fileID: 686012992160694218, guid: df5120ce679b88841927ff29a54964ff,
        type: 3}
      propertyPath: m_SizeDelta.x
      value: 0
      objectReference: {fileID: 0}
    - target: {fileID: 686012992160694218, guid: df5120ce679b88841927ff29a54964ff,
        type: 3}
      propertyPath: m_SizeDelta.y
      value: 0
      objectReference: {fileID: 0}
    - target: {fileID: 686012992160694218, guid: df5120ce679b88841927ff29a54964ff,
        type: 3}
      propertyPath: m_LocalPosition.x
      value: 0
      objectReference: {fileID: 0}
    - target: {fileID: 686012992160694218, guid: df5120ce679b88841927ff29a54964ff,
        type: 3}
      propertyPath: m_LocalPosition.y
      value: 0
      objectReference: {fileID: 0}
    - target: {fileID: 686012992160694218, guid: df5120ce679b88841927ff29a54964ff,
        type: 3}
      propertyPath: m_LocalPosition.z
      value: 0
      objectReference: {fileID: 0}
    - target: {fileID: 686012992160694218, guid: df5120ce679b88841927ff29a54964ff,
        type: 3}
      propertyPath: m_LocalRotation.w
      value: 1
      objectReference: {fileID: 0}
    - target: {fileID: 686012992160694218, guid: df5120ce679b88841927ff29a54964ff,
        type: 3}
      propertyPath: m_LocalRotation.x
      value: 0
      objectReference: {fileID: 0}
    - target: {fileID: 686012992160694218, guid: df5120ce679b88841927ff29a54964ff,
        type: 3}
      propertyPath: m_LocalRotation.y
      value: 0
      objectReference: {fileID: 0}
    - target: {fileID: 686012992160694218, guid: df5120ce679b88841927ff29a54964ff,
        type: 3}
      propertyPath: m_LocalRotation.z
      value: 0
      objectReference: {fileID: 0}
    - target: {fileID: 686012992160694218, guid: df5120ce679b88841927ff29a54964ff,
        type: 3}
      propertyPath: m_AnchoredPosition.x
      value: 0
      objectReference: {fileID: 0}
    - target: {fileID: 686012992160694218, guid: df5120ce679b88841927ff29a54964ff,
        type: 3}
      propertyPath: m_AnchoredPosition.y
      value: 0
      objectReference: {fileID: 0}
    - target: {fileID: 686012992160694218, guid: df5120ce679b88841927ff29a54964ff,
        type: 3}
      propertyPath: m_LocalEulerAnglesHint.x
      value: 0
      objectReference: {fileID: 0}
    - target: {fileID: 686012992160694218, guid: df5120ce679b88841927ff29a54964ff,
        type: 3}
      propertyPath: m_LocalEulerAnglesHint.y
      value: 0
      objectReference: {fileID: 0}
    - target: {fileID: 686012992160694218, guid: df5120ce679b88841927ff29a54964ff,
        type: 3}
      propertyPath: m_LocalEulerAnglesHint.z
      value: 0
      objectReference: {fileID: 0}
    - target: {fileID: 686012992160694222, guid: df5120ce679b88841927ff29a54964ff,
        type: 3}
      propertyPath: m_Name
      value: GameCanvas
      objectReference: {fileID: 0}
    - target: {fileID: 686012992807547477, guid: df5120ce679b88841927ff29a54964ff,
        type: 3}
      propertyPath: m_OnClick.m_PersistentCalls.m_Calls.Array.data[0].m_Target
      value: 
      objectReference: {fileID: 5960585050958159180}
    - target: {fileID: 686012992807547478, guid: df5120ce679b88841927ff29a54964ff,
        type: 3}
      propertyPath: m_AnchoredPosition.y
      value: 460
      objectReference: {fileID: 0}
    - target: {fileID: 686012993555120764, guid: df5120ce679b88841927ff29a54964ff,
        type: 3}
      propertyPath: m_fontAsset
      value: 
      objectReference: {fileID: 11400000, guid: 2e498d1c8094910479dc3e1b768306a4,
        type: 2}
    - target: {fileID: 686012993555120764, guid: df5120ce679b88841927ff29a54964ff,
        type: 3}
      propertyPath: m_sharedMaterial
      value: 
      objectReference: {fileID: 2180264, guid: 2e498d1c8094910479dc3e1b768306a4, type: 2}
    - target: {fileID: 686012993739838474, guid: df5120ce679b88841927ff29a54964ff,
        type: 3}
      propertyPath: m_fontAsset
      value: 
      objectReference: {fileID: 11400000, guid: 2e498d1c8094910479dc3e1b768306a4,
        type: 2}
    - target: {fileID: 686012993739838474, guid: df5120ce679b88841927ff29a54964ff,
        type: 3}
      propertyPath: m_sharedMaterial
      value: 
      objectReference: {fileID: 2180264, guid: 2e498d1c8094910479dc3e1b768306a4, type: 2}
    - target: {fileID: 686012993763328624, guid: df5120ce679b88841927ff29a54964ff,
        type: 3}
      propertyPath: m_Name
      value: PauseMenu
      objectReference: {fileID: 0}
    - target: {fileID: 686012994027570042, guid: df5120ce679b88841927ff29a54964ff,
        type: 3}
      propertyPath: m_OnClick.m_PersistentCalls.m_Calls.Array.size
      value: 1
      objectReference: {fileID: 0}
    - target: {fileID: 686012994027570042, guid: df5120ce679b88841927ff29a54964ff,
        type: 3}
      propertyPath: m_OnClick.m_PersistentCalls.m_Calls.Array.data[0].m_Mode
      value: 1
      objectReference: {fileID: 0}
    - target: {fileID: 686012994027570042, guid: df5120ce679b88841927ff29a54964ff,
        type: 3}
      propertyPath: m_OnClick.m_PersistentCalls.m_Calls.Array.data[0].m_Target
      value: 
      objectReference: {fileID: 5960585050958159180}
    - target: {fileID: 686012994027570042, guid: df5120ce679b88841927ff29a54964ff,
        type: 3}
      propertyPath: m_OnClick.m_PersistentCalls.m_Calls.Array.data[0].m_CallState
      value: 2
      objectReference: {fileID: 0}
    - target: {fileID: 686012994027570042, guid: df5120ce679b88841927ff29a54964ff,
        type: 3}
      propertyPath: m_OnClick.m_PersistentCalls.m_Calls.Array.data[0].m_MethodName
      value: CloseGame
      objectReference: {fileID: 0}
    - target: {fileID: 686012994027570042, guid: df5120ce679b88841927ff29a54964ff,
        type: 3}
      propertyPath: m_OnClick.m_PersistentCalls.m_Calls.Array.data[0].m_Arguments.m_ObjectArgumentAssemblyTypeName
      value: UnityEngine.Object, UnityEngine
      objectReference: {fileID: 0}
    - target: {fileID: 686012994027570043, guid: df5120ce679b88841927ff29a54964ff,
        type: 3}
      propertyPath: m_AnchoredPosition.y
      value: 340
      objectReference: {fileID: 0}
    - target: {fileID: 2457157605633159425, guid: df5120ce679b88841927ff29a54964ff,
        type: 3}
      propertyPath: m_Name
      value: EscapeMenu
      objectReference: {fileID: 0}
    - target: {fileID: 2457157605633159425, guid: df5120ce679b88841927ff29a54964ff,
        type: 3}
      propertyPath: m_IsActive
      value: 0
      objectReference: {fileID: 0}
    - target: {fileID: 2823085628753909297, guid: df5120ce679b88841927ff29a54964ff,
        type: 3}
      propertyPath: m_text
      value: GOT AWAY SAFELY!
      objectReference: {fileID: 0}
    - target: {fileID: 2823085628753909297, guid: df5120ce679b88841927ff29a54964ff,
        type: 3}
      propertyPath: m_fontSize
      value: 50
      objectReference: {fileID: 0}
    - target: {fileID: 2823085628753909297, guid: df5120ce679b88841927ff29a54964ff,
        type: 3}
      propertyPath: m_fontSizeBase
      value: 50
      objectReference: {fileID: 0}
    - target: {fileID: 3004149344800321735, guid: df5120ce679b88841927ff29a54964ff,
        type: 3}
      propertyPath: m_IsActive
      value: 0
      objectReference: {fileID: 0}
    - target: {fileID: 5907782509656431659, guid: df5120ce679b88841927ff29a54964ff,
        type: 3}
      propertyPath: m_text
      value: 
      objectReference: {fileID: 0}
    - target: {fileID: 8938244425649198070, guid: df5120ce679b88841927ff29a54964ff,
        type: 3}
      propertyPath: m_Name
      value: Watchingteam...
      objectReference: {fileID: 0}
    - target: {fileID: 9051881728879825505, guid: df5120ce679b88841927ff29a54964ff,
        type: 3}
      propertyPath: m_AnchoredPosition.x
      value: 458
      objectReference: {fileID: 0}
    - target: {fileID: 9051881728879825505, guid: df5120ce679b88841927ff29a54964ff,
        type: 3}
      propertyPath: m_AnchoredPosition.y
      value: 325
      objectReference: {fileID: 0}
    m_RemovedComponents:
    - {fileID: 686012993257993846, guid: df5120ce679b88841927ff29a54964ff, type: 3}
  m_SourcePrefab: {fileID: 100100000, guid: df5120ce679b88841927ff29a54964ff, type: 3}
--- !u!4 &5960585049272281307 stripped
Transform:
  m_CorrespondingSourceObject: {fileID: 686012993763328639, guid: df5120ce679b88841927ff29a54964ff,
    type: 3}
  m_PrefabInstance: {fileID: 6574540410342877860}
  m_PrefabAsset: {fileID: 0}
--- !u!114 &6574540409255814356 stripped
MonoBehaviour:
  m_CorrespondingSourceObject: {fileID: 1087688304, guid: df5120ce679b88841927ff29a54964ff,
    type: 3}
  m_PrefabInstance: {fileID: 6574540410342877860}
  m_PrefabAsset: {fileID: 0}
  m_GameObject: {fileID: 0}
  m_Enabled: 1
  m_EditorHideFlags: 0
  m_Script: {fileID: 11500000, guid: f4688fdb7df04437aeb418b961361dc5, type: 3}
  m_Name: 
  m_EditorClassIdentifier: 
--- !u!1 &6574540409888782194 stripped
GameObject:
  m_CorrespondingSourceObject: {fileID: 724508118, guid: df5120ce679b88841927ff29a54964ff,
    type: 3}
  m_PrefabInstance: {fileID: 6574540410342877860}
  m_PrefabAsset: {fileID: 0}
--- !u!4 &6574540409888782195 stripped
Transform:
  m_CorrespondingSourceObject: {fileID: 724508119, guid: df5120ce679b88841927ff29a54964ff,
    type: 3}
  m_PrefabInstance: {fileID: 6574540410342877860}
  m_PrefabAsset: {fileID: 0}
--- !u!1 &6574540409590747971 stripped
GameObject:
  m_CorrespondingSourceObject: {fileID: 1022081511, guid: df5120ce679b88841927ff29a54964ff,
    type: 3}
  m_PrefabInstance: {fileID: 6574540410342877860}
  m_PrefabAsset: {fileID: 0}
--- !u!1 &6574540409375670726 stripped
GameObject:
  m_CorrespondingSourceObject: {fileID: 1236921186, guid: df5120ce679b88841927ff29a54964ff,
    type: 3}
  m_PrefabInstance: {fileID: 6574540410342877860}
  m_PrefabAsset: {fileID: 0}
--- !u!1 &5960585049272281300 stripped
GameObject:
  m_CorrespondingSourceObject: {fileID: 686012993763328624, guid: df5120ce679b88841927ff29a54964ff,
    type: 3}
  m_PrefabInstance: {fileID: 6574540410342877860}
  m_PrefabAsset: {fileID: 0}
--- !u!114 &775143943290910351 stripped
MonoBehaviour:
  m_CorrespondingSourceObject: {fileID: 5907782509656431659, guid: df5120ce679b88841927ff29a54964ff,
    type: 3}
  m_PrefabInstance: {fileID: 6574540410342877860}
  m_PrefabAsset: {fileID: 0}
  m_GameObject: {fileID: 2825569346823108946}
  m_Enabled: 1
  m_EditorHideFlags: 0
  m_Script: {fileID: 11500000, guid: f4688fdb7df04437aeb418b961361dc5, type: 3}
  m_Name: 
  m_EditorClassIdentifier: 
--- !u!1 &2825569346823108946 stripped
GameObject:
  m_CorrespondingSourceObject: {fileID: 8938244425649198070, guid: df5120ce679b88841927ff29a54964ff,
    type: 3}
  m_PrefabInstance: {fileID: 6574540410342877860}
  m_PrefabAsset: {fileID: 0}
--- !u!1 &8729355387651349413 stripped
GameObject:
  m_CorrespondingSourceObject: {fileID: 2457157605633159425, guid: df5120ce679b88841927ff29a54964ff,
    type: 3}
  m_PrefabInstance: {fileID: 6574540410342877860}
  m_PrefabAsset: {fileID: 0}
--- !u!1 &5960585049777757391 stripped
GameObject:
  m_CorrespondingSourceObject: {fileID: 686012993257993835, guid: df5120ce679b88841927ff29a54964ff,
    type: 3}
  m_PrefabInstance: {fileID: 6574540410342877860}
  m_PrefabAsset: {fileID: 0}
--- !u!224 &5960585050876171630 stripped
RectTransform:
  m_CorrespondingSourceObject: {fileID: 686012992160694218, guid: df5120ce679b88841927ff29a54964ff,
    type: 3}
  m_PrefabInstance: {fileID: 6574540410342877860}
  m_PrefabAsset: {fileID: 0}
--- !u!114 &5960585050936219128 stripped
MonoBehaviour:
  m_CorrespondingSourceObject: {fileID: 686012992101203804, guid: df5120ce679b88841927ff29a54964ff,
    type: 3}
  m_PrefabInstance: {fileID: 6574540410342877860}
  m_PrefabAsset: {fileID: 0}
  m_GameObject: {fileID: 0}
  m_Enabled: 1
  m_EditorHideFlags: 0
  m_Script: {fileID: 11500000, guid: f4688fdb7df04437aeb418b961361dc5, type: 3}
  m_Name: 
  m_EditorClassIdentifier: 
--- !u!1001 &7486433497728935197
PrefabInstance:
  m_ObjectHideFlags: 0
  serializedVersion: 2
  m_Modification:
    m_TransformParent: {fileID: 5960585050958159187}
    m_Modifications:
    - target: {fileID: 3845343026809969691, guid: 920a95fa6251b9446ad517a0dd969279,
        type: 3}
      propertyPath: m_LocalPosition.x
      value: 5.6
      objectReference: {fileID: 0}
    - target: {fileID: 3845343026809969691, guid: 920a95fa6251b9446ad517a0dd969279,
        type: 3}
      propertyPath: m_LocalPosition.y
      value: 2.4
      objectReference: {fileID: 0}
    - target: {fileID: 3845343026809969691, guid: 920a95fa6251b9446ad517a0dd969279,
        type: 3}
      propertyPath: m_LocalPosition.z
      value: -10
      objectReference: {fileID: 0}
    - target: {fileID: 3845343027206613013, guid: 920a95fa6251b9446ad517a0dd969279,
        type: 3}
      propertyPath: m_LocalPosition.x
      value: 5.34
      objectReference: {fileID: 0}
    - target: {fileID: 3845343027206613013, guid: 920a95fa6251b9446ad517a0dd969279,
        type: 3}
      propertyPath: m_LocalPosition.y
      value: 14.15
      objectReference: {fileID: 0}
    - target: {fileID: 3845343027206613013, guid: 920a95fa6251b9446ad517a0dd969279,
        type: 3}
      propertyPath: m_LocalPosition.z
      value: -10
      objectReference: {fileID: 0}
    - target: {fileID: 3845343027371475414, guid: 920a95fa6251b9446ad517a0dd969279,
        type: 3}
      propertyPath: m_LocalPosition.x
      value: -0
      objectReference: {fileID: 0}
    - target: {fileID: 3845343027371475414, guid: 920a95fa6251b9446ad517a0dd969279,
        type: 3}
      propertyPath: m_LocalPosition.y
      value: 2.05
      objectReference: {fileID: 0}
    - target: {fileID: 3845343027371475414, guid: 920a95fa6251b9446ad517a0dd969279,
        type: 3}
      propertyPath: m_LocalPosition.z
      value: -10
      objectReference: {fileID: 0}
    - target: {fileID: 3845343027478816820, guid: 920a95fa6251b9446ad517a0dd969279,
        type: 3}
      propertyPath: m_Name
      value: SpawnPoints
      objectReference: {fileID: 0}
    - target: {fileID: 3845343027478816821, guid: 920a95fa6251b9446ad517a0dd969279,
        type: 3}
      propertyPath: m_RootOrder
      value: 0
      objectReference: {fileID: 0}
    - target: {fileID: 3845343027478816821, guid: 920a95fa6251b9446ad517a0dd969279,
        type: 3}
      propertyPath: m_LocalPosition.x
      value: 0
      objectReference: {fileID: 0}
    - target: {fileID: 3845343027478816821, guid: 920a95fa6251b9446ad517a0dd969279,
        type: 3}
      propertyPath: m_LocalPosition.y
      value: 0
      objectReference: {fileID: 0}
    - target: {fileID: 3845343027478816821, guid: 920a95fa6251b9446ad517a0dd969279,
        type: 3}
      propertyPath: m_LocalPosition.z
      value: 0
      objectReference: {fileID: 0}
    - target: {fileID: 3845343027478816821, guid: 920a95fa6251b9446ad517a0dd969279,
        type: 3}
      propertyPath: m_LocalRotation.w
      value: 1
      objectReference: {fileID: 0}
    - target: {fileID: 3845343027478816821, guid: 920a95fa6251b9446ad517a0dd969279,
        type: 3}
      propertyPath: m_LocalRotation.x
      value: -0
      objectReference: {fileID: 0}
    - target: {fileID: 3845343027478816821, guid: 920a95fa6251b9446ad517a0dd969279,
        type: 3}
      propertyPath: m_LocalRotation.y
      value: -0
      objectReference: {fileID: 0}
    - target: {fileID: 3845343027478816821, guid: 920a95fa6251b9446ad517a0dd969279,
        type: 3}
      propertyPath: m_LocalRotation.z
      value: -0
      objectReference: {fileID: 0}
    - target: {fileID: 3845343027478816821, guid: 920a95fa6251b9446ad517a0dd969279,
        type: 3}
      propertyPath: m_LocalEulerAnglesHint.x
      value: 0
      objectReference: {fileID: 0}
    - target: {fileID: 3845343027478816821, guid: 920a95fa6251b9446ad517a0dd969279,
        type: 3}
      propertyPath: m_LocalEulerAnglesHint.y
      value: 0
      objectReference: {fileID: 0}
    - target: {fileID: 3845343027478816821, guid: 920a95fa6251b9446ad517a0dd969279,
        type: 3}
      propertyPath: m_LocalEulerAnglesHint.z
      value: 0
      objectReference: {fileID: 0}
    - target: {fileID: 3845343027995823432, guid: 920a95fa6251b9446ad517a0dd969279,
        type: 3}
      propertyPath: m_LocalPosition.x
      value: 1.62
      objectReference: {fileID: 0}
    - target: {fileID: 3845343027995823432, guid: 920a95fa6251b9446ad517a0dd969279,
        type: 3}
      propertyPath: m_LocalPosition.y
      value: 14.34
      objectReference: {fileID: 0}
    - target: {fileID: 3845343027995823432, guid: 920a95fa6251b9446ad517a0dd969279,
        type: 3}
      propertyPath: m_LocalPosition.z
      value: -10
      objectReference: {fileID: 0}
    - target: {fileID: 3845343028245173172, guid: 920a95fa6251b9446ad517a0dd969279,
        type: 3}
      propertyPath: m_LocalPosition.x
      value: 3.65
      objectReference: {fileID: 0}
    - target: {fileID: 3845343028245173172, guid: 920a95fa6251b9446ad517a0dd969279,
        type: 3}
      propertyPath: m_LocalPosition.y
      value: 2.54
      objectReference: {fileID: 0}
    - target: {fileID: 3845343028245173172, guid: 920a95fa6251b9446ad517a0dd969279,
        type: 3}
      propertyPath: m_LocalPosition.z
      value: -10
      objectReference: {fileID: 0}
    m_RemovedComponents: []
  m_SourcePrefab: {fileID: 100100000, guid: 920a95fa6251b9446ad517a0dd969279, type: 3}
--- !u!4 &5960585050470845736 stripped
Transform:
  m_CorrespondingSourceObject: {fileID: 3845343027478816821, guid: 920a95fa6251b9446ad517a0dd969279,
    type: 3}
  m_PrefabInstance: {fileID: 7486433497728935197}
  m_PrefabAsset: {fileID: 0}
--- !u!4 &5960585050735709448 stripped
Transform:
  m_CorrespondingSourceObject: {fileID: 3845343027206613013, guid: 920a95fa6251b9446ad517a0dd969279,
    type: 3}
  m_PrefabInstance: {fileID: 7486433497728935197}
  m_PrefabAsset: {fileID: 0}
--- !u!4 &5960585050863925510 stripped
Transform:
  m_CorrespondingSourceObject: {fileID: 3845343026809969691, guid: 920a95fa6251b9446ad517a0dd969279,
    type: 3}
  m_PrefabInstance: {fileID: 7486433497728935197}
  m_PrefabAsset: {fileID: 0}
--- !u!4 &5960585049844787285 stripped
Transform:
  m_CorrespondingSourceObject: {fileID: 3845343027995823432, guid: 920a95fa6251b9446ad517a0dd969279,
    type: 3}
  m_PrefabInstance: {fileID: 7486433497728935197}
  m_PrefabAsset: {fileID: 0}
--- !u!4 &5960585050301359307 stripped
Transform:
  m_CorrespondingSourceObject: {fileID: 3845343027371475414, guid: 920a95fa6251b9446ad517a0dd969279,
    type: 3}
  m_PrefabInstance: {fileID: 7486433497728935197}
  m_PrefabAsset: {fileID: 0}
--- !u!4 &5960585049561888425 stripped
Transform:
  m_CorrespondingSourceObject: {fileID: 3845343028245173172, guid: 920a95fa6251b9446ad517a0dd969279,
    type: 3}
  m_PrefabInstance: {fileID: 7486433497728935197}
  m_PrefabAsset: {fileID: 0}
